% 참고문헌 예시 - 실제 논문 작성 시 해당하는 문헌으로 교체하세요

@article{smith2023machine,
    author = {Smith, John and Johnson, Mary},
    title = {Machine Learning Approaches for Data Analysis},
    journal = {Journal of Computer Science},
    volume = {45},
    number = {3},
    pages = {123--145},
    year = {2023},
    publisher = {ACM}
}

@inproceedings{lee2022deep,
    author = {Lee, Chulsoo and Park, Younghee},
    title = {Deep Learning for Natural Language Processing},
    booktitle = {Proceedings of the International Conference on Artificial Intelligence},
    pages = {456--467},
    year = {2022},
    organization = {IEEE}
}

@book{murphy2012machine,
    author = {Murphy, Kevin P.},
    title = {Machine Learning: A Probabilistic Perspective},
    publisher = {MIT Press},
    year = {2012},
    address = {Cambridge, MA}
}

@misc{openai2023chatgpt,
    author = {OpenAI},
    title = {ChatGPT: Optimizing Language Models for Dialogue},
    year = {2023},
    howpublished = {\url{https://openai.com/blog/chatgpt}},
    note = {Accessed: 2023-12-01}
}

@phdthesis{kim2021thesis,
    author = {Kim, Minhyuk},
    title = {Advanced Neural Network Architectures for Computer Vision},
    school = {Seoul National University},
    year = {2021},
    address = {Seoul, Korea}
}

@techreport{google2020transformer,
    author = {Vaswani, Ashish and Shazeer, Noam and Parmar, Niki and Uszkoreit, Jakob},
    title = {Attention Is All You Need},
    institution = {Google Research},
    year = {2020},
    number = {TR-2020-001}
} 